@unpublished{follow12,
	author={USIMINAS},
	year={2012},
	organization={Usiminas},
	title={Ferramenta de acompanhamento do projeto de redução do consumo de alumínio}
}

@unpublished{repnov,
	author={USIMINAS},
	year={2013},
	month={Novembro},
	organization={Usiminas},
	title={Painel de Indicadores da Gerência de Convertedores}
}

@unpublished{prop,
	author={USIMINAS},
	year={2013},
	month={Novembro},
	organization={Usiminas},
	title={Proporção de corridas {RH} com {FeSi}}
}

@misc{wiki:pr,
   author = "Wikipedia",
   title = "Precision and recall --- {W}ikipedia{,} The Free Encyclopedia",
   year = "2013",
   url = "http://en.wikipedia.org/wiki/Precision\_and\_recall",
   note = "[Accessado em 27/12/2013]"
 }
 
@misc{wiki:lr,
   author = "Wikipedia",
   title = "Logistic regression --- {W}ikipedia{,} The Free Encyclopedia",
   year = "2013",
   url = "http://en.wikipedia.org/wiki/Logistic\_regression",
   note = "[Accessado em 30/12/2013]"
 }
 
@Manual{rprog,
	title = {R: A Language and Environment for Statistical Computing},
	author = {{R Core Team}},
	organization = {R Foundation for Statistical Computing},
	address = {Vienna, Austria},
	year = {2013},
	url = {http://www.R-project.org/},
}