@misc{pihelp,
	author= "Osisoft",
	title = "PI Software Development Kit",
	year = "2008",
	note = "versão 1.3.6"
}

@misc{wiki:adors,
   author = "Wikipedia",
   title = "Recordset --- Wikipedia{,} The Free Encyclopedia",
   year = "2013",
   note = "Disponível em: \texttt{\small{http://en.wikipedia.org/wiki/Recordset}}"
 }