@Manual{rprog,
	title = {R: A Language and Environment for Statistical Computing},
	author = {{R Core Team}},
	organization = {R Foundation for Statistical Computing},
	address = {Vienna, Austria},
	year = {2013},
	url = {http://www.R-project.org/},
}

@mastersthesis{barao,
	title={Comportamento do manganês durante o sopro de oxigênio em convertedor},
	author={Celso Dias Bar{\~a}o},
	school={Rede Temática em Engenharia de Materiais - REDEMAT},
	year={2007}	
}

@misc{it20,
	title={Recorde de aprovação de placas para os aços {BH}},
	author={Marlon José dos Anjos Silva},
	city={Ipatinga},
	Year={2010},
	note={{I}nforme {T}écnico {USIMINAS} nº 20/2010},
	organization={USIMINAS}
}

@misc{r2acu,
	title={Relatório de variação de custo dos produtos acumulado de 2013 - R2},
	author={USIMINAS},
	city={Ipatinga},
	Year={2013},
	note={{G}erência de {C}ustos de {I}patinga},
	organization={USIMINAS}
}

@misc{wiki:boot,
   author = "Wikipedia",
   title = "Bootstrapping (statistics) --- Wikipedia{,} The Free Encyclopedia",
   year = "2013",
   url = "en.wikipedia.org/Bootstrapping\_(statistics)",
   note = "[Acessado 20-Novembro-2013]"
}

@misc{wiki:anova,
   author = "Wikipedia",
   title = "Analysis of variance --- Wikipedia{,} The Free Encyclopedia",
   year = "2013",
   url = "en.wikipedia.org/Analysis\_of\_variance",
   note = "[Acessado 18-Novembro-2013]"
}

@misc{wiki:ad,
   author = "Wikipedia",
   title = "Anderson-Darling test --- Wikipedia{,} The Free Encyclopedia",
   year = "2013",
   url = "en.wikipedia.org/Anderson-Darling\_test",
   note = "[Acessado 18-Novembro-2013]"
}