@Manual{rcore,
	title = {R: A Language and Environment for Statistical Computing},
	author = {{R Core Team}},
	organization = {R Foundation for Statistical Computing},
	address = {Vienna, Austria},
	year = {2013},
	url = {http://www.R-project.org/},
}

@misc{wiki:aic,
   author = "Wikipedia",
   title = "Akaike information criterion --- Wikipedia{,} The Free Encyclopedia",
   year = "2014",   
   note = "[Acessado 15-Janeiro-2014]"
}

@misc{wiki:ad,
   author = "Wikipedia",
   title = "Anderson-Darling test --- Wikipedia{,} The Free Encyclopedia",
   year = "2014",
   url = "en.wikipedia.org/Anderson-Darling\_test",
   note = "[Acessado 15-Janeiro-2013]"
}

@misc{wiki:reglin,
   author = "Wikipedia",
   title = "Linear regression --- Wikipedia{,} The Free Encyclopedia",
   year = "2014",
   url = "en.wikipedia.org/Linear\_regression",
   note = "[Acessado 16-Janeiro-2013]"
}

@misc{rel2,
	author= "USIMINAS",
	title = "Relatório de operação das Aciarias - AACA002",
	year = "2014",
	note = "[Acessado em 15-Janeiro-2014]"
}

@misc{rel4,
	author= "USIMINAS",
	title = "Relatório acumulado das corridas produzidas nas Aciarias por convertedor - AACA004",
	year = "2014",
	note = "[Acessado em 15-Janeiro-2014]"
}

@misc{rel13,
	author= "USIMINAS",
	title = "Relatório semanal de qualidade das Aciarias - AACA013",
	year = "2014",
	note = "[Acessado em 15-Janeiro-2014]"
}

@misc{rel16,
	author= "USIMINAS",
	title = "Relatório de consumo de ferros-liga (sic) e matérias-primas nas Aciarias - AACA016",
	year = "2014",
	note = "[Acessado em 15-Janeiro-2014]"
}

@misc{igsu,
	author= "USIMINAS",
	title = "Relatório de Informações Gerenciais - {IGSU}",
	year = "2014",
	note = "[Acessado em 15-Janeiro-2014]"
}